<?xml version="1.0" encoding="UTF-8" ?>
<record Numero="15737708" format="InterXMarc_Complet" type="Authority">
<leader>00803c1 au22000272  45  <Pos Code="0004">00803</Pos>
<Pos Code="05" Sens="notice modifiée">c</Pos>
<Pos Code="06" Sens="notice validée en catalogage courant">1</Pos>
<Pos Code="08" Sens="notice d&apos;autorité">a</Pos>
<Pos Code="09" Sens="titre uniforme musical (TUM)">u</Pos>
<Pos Code="10">2</Pos>
<Pos Code="11">2</Pos>
<Pos Code="1216">00027</Pos>
<Pos Code="17" Sens="autres cas">2</Pos>
<Pos Code="20">4</Pos>
<Pos Code="21">5</Pos>
</leader>
<controlfield tag="001">FRBNF157377089<Pos Code="0001">FR</Pos>
<Pos Code="0204">BNF</Pos>
<Pos Code="0512">15737708</Pos>
<Pos Code="13">9</Pos>
</controlfield>
<controlfield tag="008">080723080805yy    qua       1752    ? 1762    ?              1   <Pos Code="0001">08</Pos>
<Pos Code="0203">07</Pos>
<Pos Code="0405">23</Pos>
<Pos Code="0607">08</Pos>
<Pos Code="0809">08</Pos>
<Pos Code="1011">05</Pos>
<Pos Code="1213" Sens="ne s&apos;applique pas">yy</Pos>
<Pos Code="1820" Sens="quatuor instrumental">qua</Pos>
<Pos Code="2831">1752</Pos>
<Pos Code="36" Sens="Date incertaine">?</Pos>
<Pos Code="3841">1762</Pos>
<Pos Code="46" Sens="Date incertaine">?</Pos>
<Pos Code="61" Sens="La vedette peut être liée à une notice bibliographique sauf pour l&apos;accès matière RAMEAU">1</Pos>
</controlfield>
<datafield tag="048" ind1=" " ind2=" ">
	<subfield code="a">sa02<Pos Code="0001" Sens="cordes frottées - violon">sa</Pos>
<Pos Code="02">0</Pos>
<Pos Code="03">2</Pos>
</subfield>
	<subfield code="a">sb01<Pos Code="0001" Sens="cordes frottées - alto">sb</Pos>
<Pos Code="02">0</Pos>
<Pos Code="03">1</Pos>
</subfield>
	<subfield code="a">sc01<Pos Code="0001" Sens="cordes frottées - violoncelle">sc</Pos>
<Pos Code="02">0</Pos>
<Pos Code="03">1</Pos>
</subfield>
</datafield>
<datafield tag="100" ind1=" " ind2=" ">
	<subfield code="3">13895053</subfield>
	<subfield code="w"> 0  b     </subfield>
	<subfield code="a">Haydn</subfield>
	<subfield code="m">Joseph</subfield>
	<subfield code="d">1732-1809</subfield>
</datafield>
<datafield tag="144" ind1="1" ind2=" ">
	<subfield code="w">....b.fre.</subfield>
	<subfield code="a">Quatuors</subfield>
	<subfield code="b">Cordes</subfield>
	<subfield code="k">Hob II 6</subfield>
	<subfield code="t">Mi bémol majeur</subfield>
</datafield>
<datafield tag="444" ind1="1" ind2=" ">
	<subfield code="w">....b.fre.</subfield>
	<subfield code="a">Quatuors</subfield>
	<subfield code="b">Cordes</subfield>
	<subfield code="p">Op. 1, no 0</subfield>
	<subfield code="t">Mi bémol majeur</subfield>
</datafield>
<datafield tag="444" ind1="1" ind2=" ">
	<subfield code="w">....b.fre.</subfield>
	<subfield code="a">Cassations</subfield>
	<subfield code="b">Quatuor à cordes</subfield>
	<subfield code="k">Hob II 6</subfield>
	<subfield code="t">Mi bémol majeur</subfield>
</datafield>
<datafield tag="600" ind1=" " ind2=" ">
	<subfield code="a">Date de composition : entre 1752 et 1762</subfield>
	<subfield code="a">1re éd. : Amsterdam : J.J. Hummel, 1765</subfield>
	<subfield code="a">Remplace l&apos;op. 1, no 5 (Hob III 5, arrangement apocryphe de la symphonie Hob I 107), dans certaines éditions</subfield>
</datafield>
<datafield tag="610" ind1=" " ind2=" ">
	<subfield code="a">Hoboken, Haydn</subfield>
	<subfield code="a">Frühe Streichquartette [Musique imprimée] / Joseph Haydn ; herausgegeben von Georg Feder in Verbindung mit Gottfried Greiner, 1973</subfield>
</datafield>
<datafield tag="917" ind1=" " ind2=" ">
	<subfield code="o">OPC</subfield>
	<subfield code="a">100424610</subfield>
</datafield>
<datafield tag="996" ind1=" " ind2=" ">
	<subfield code="o">OPP</subfield>
	<subfield code="a">13913349</subfield>
	<subfield code="d">20080805</subfield>
</datafield>
<Alter Ori="13895053">
<datafield tag="400" ind1=" " ind2=" ">
	<subfield code="w">    b     </subfield>
	<subfield code="a">Haydn</subfield>
	<subfield code="m">Franz Joseph</subfield>
	<subfield code="d">1732-1809</subfield>
</datafield>
</Alter>
<Attr Nom="IDPerenne">ark:/12148/cb157377082</Attr>
<Attr Nom="NumSource">OPC 100424610</Attr>
<Attr Nom="Source" Sens="BnF catalogue général (depuis 1999)">A</Attr>
<Attr Nom="NumAutoriteLiee">13895053</Attr>
<Attr Nom="DateCreation">23/07/ 2008</Attr>
<Attr Nom="ResponsableCreation">STEPHANUS Christine</Attr>
<Attr Nom="StructCreation">37</Attr>
<Attr Nom="DateDerniereValidation">09/11/ 2010</Attr>
<Attr Nom="ResponsableDerniereValidation">MIGV4</Attr>
<Attr Nom="StructPremiereValidation">37</Attr>
<Attr Nom="DatePremiereValidation">23/07/ 2008</Attr>
<Attr Nom="ResponsablePremiereValidation">STEPHANUS Christine</Attr>
<Attr Nom="StructDerniereValidation">1</Attr>
<Attr Nom="NumSource" Rep="1">OPP 13913349</Attr>
</record>
